10400000         1000052749623510000000000000000000001089848492400000000CLAUDIO CARNEIRO LUZ          C ECON FEDERAL                          23010201502160100029004000000                    RETORNO-PRODUCAO                  000            
10400011T0100030 10000052749623510000000000000000000001089848492400000000CLAUDIO CARNEIRO LUZ                                                                                          00000290301020150000000000                          00   
1040001300001T 060000004849240000000   240000000000009176100000000000000020102015000000000005500000021830000000000000000          090000000000000000                                                  000000000000233020101                     
1040001300002U 06000000000000635000000000000000000000000000000000000000000000000000000006135000000000006135000000000000000000000000000000301020150311201500000311201500000000000000000000000000000000000000000000000000000000000000000000       
1040001300003T 060000004849240000000   240000000000012240100000000000000005112015000000000008990000018870000000000000000          090000000000000000                                                  000000000000098060101                     
1040001300004U 06000000000000000000000000000000000000000000000000000000000000000000000008990000000000008990000000000000000000000000000000301020150311201500000311201500000000000000000000000000000000000000000000000000000000000000000000       
1040001300005T 060000004849240000000   240000000000012487100000000000000020102015000000000005990000021830000000000000000          090000000000000000                                                  000000000000233020101                     
1040001300006U 06000000000000700000000000000000000000000000000000000000000000000000000006690000000000006690000000000000000000000000000000301020150311201500000311201500000000000000000000000000000000000000000000000000000000000000000000       
1040001300007T 020000004849240000000   140000000000018363179-2/001       2012201500000000000850000000000079-2/001                 091000004560589313DIEGO DE SOUSA MARQUES                            000000000000000                           
1040001300008U 02000000000000000000000000000000000000000000000000000000000000000000000000000000000000000000000000000000000000000000000000301020150000000000000000000000000000000000000000000000000000000000000000000000000000000000000000       
1040001300009T 020000004849240000000   140000000000018240115-3/001       2012201500000000000350000000000015-3/001                 091000006620427359JOSE REINALDO SILVA DE SOUSA                      000000000000000                           
1040001300010U 02000000000000000000000000000000000000000000000000000000000000000000000000000000000000000000000000000000000000000000000000301020150000000000000000000000000000000000000000000000000000000000000000000000000000000000000000       
1040001300011T 020000004849240000000   140000000000018371179-2/002       2001201600000000000850000000000079-2/002                 091000004560589313DIEGO DE SOUSA MARQUES                            000000000000000                           
1040001300012U 02000000000000000000000000000000000000000000000000000000000000000000000000000000000000000000000000000000000000000000000000301020150000000000000000000000000000000000000000000000000000000000000000000000000000000000000000       
1040001300013T 020000004849240000000   140000000000018380179-2/003       2002201600000000000850000000000079-2/003                 091000004560589313DIEGO DE SOUSA MARQUES                            000000000000000                           
1040001300014U 02000000000000000000000000000000000000000000000000000000000000000000000000000000000000000000000000000000000000000000000000301020150000000000000000000000000000000000000000000000000000000000000000000000000000000000000000       
1040001300015T 020000004849240000000   140000000000018258115-3/002       2001201600000000000350000000000015-3/002                 091000006620427359JOSE REINALDO SILVA DE SOUSA                      000000000000000                           
1040001300016U 02000000000000000000000000000000000000000000000000000000000000000000000000000000000000000000000000000000000000000000000000301020150000000000000000000000000000000000000000000000000000000000000000000000000000000000000000       
1040001300017T 020000004849240000000   140000000000018266115-3/003       2002201600000000000350000000000015-3/003                 091000006620427359JOSE REINALDO SILVA DE SOUSA                      000000000000000                           
1040001300018U 02000000000000000000000000000000000000000000000000000000000000000000000000000000000000000000000000000000000000000000000000301020150000000000000000000000000000000000000000000000000000000000000000000000000000000000000000       
1040001300019T 020000004849240000000   140000000000018398179-2/004       2003201600000000000850000000000079-2/004                 091000004560589313DIEGO DE SOUSA MARQUES                            000000000000000                           
1040001300020U 02000000000000000000000000000000000000000000000000000000000000000000000000000000000000000000000000000000000000000000000000301020150000000000000000000000000000000000000000000000000000000000000000000000000000000000000000       
1040001300021T 020000004849240000000   140000000000018274115-3/004       2003201600000000000350000000000015-3/004                 091000006620427359JOSE REINALDO SILVA DE SOUSA                      000000000000000                           
1040001300022U 02000000000000000000000000000000000000000000000000000000000000000000000000000000000000000000000000000000000000000000000000301020150000000000000000000000000000000000000000000000000000000000000000000000000000000000000000       
1040001300023T 020000004849240000000   140000000000018282115-3/005       2004201600000000000350000000000015-3/005                 091000006620427359JOSE REINALDO SILVA DE SOUSA                      000000000000000                           
1040001300024U 02000000000000000000000000000000000000000000000000000000000000000000000000000000000000000000000000000000000000000000000000301020150000000000000000000000000000000000000000000000000000000000000000000000000000000000000000       
1040001300025T 020000004849240000000   140000000000018304115-3/007       2006201600000000000350000000000015-3/007                 091000006620427359JOSE REINALDO SILVA DE SOUSA                      000000000000000                           
1040001300026U 02000000000000000000000000000000000000000000000000000000000000000000000000000000000000000000000000000000000000000000000000301020150000000000000000000000000000000000000000000000000000000000000000000000000000000000000000       
1040001300027T 020000004849240000000   140000000000018401179-2/005       2004201600000000000850000000000079-2/005                 091000004560589313DIEGO DE SOUSA MARQUES                            000000000000000                           
1040001300028U 02000000000000000000000000000000000000000000000000000000000000000000000000000000000000000000000000000000000000000000000000301020150000000000000000000000000000000000000000000000000000000000000000000000000000000000000000       
1040001300029T 020000004849240000000   140000000000018410179-2/006       2005201600000000000850000000000079-2/006                 091000004560589313DIEGO DE SOUSA MARQUES                            000000000000000                           
1040001300030U 02000000000000000000000000000000000000000000000000000000000000000000000000000000000000000000000000000000000000000000000000301020150000000000000000000000000000000000000000000000000000000000000000000000000000000000000000       
1040001300031T 020000004849240000000   140000000000018290115-3/006       2005201600000000000350000000000015-3/006                 091000006620427359JOSE REINALDO SILVA DE SOUSA                      000000000000000                           
1040001300032U 02000000000000000000000000000000000000000000000000000000000000000000000000000000000000000000000000000000000000000000000000301020150000000000000000000000000000000000000000000000000000000000000000000000000000000000000000       
1040001300033T 020000004849240000000   140000000000018428179-2/007       2006201600000000000850000000000079-2/007                 091000004560589313DIEGO DE SOUSA MARQUES                            000000000000000                           
1040001300034U 02000000000000000000000000000000000000000000000000000000000000000000000000000000000000000000000000000000000000000000000000301020150000000000000000000000000000000000000000000000000000000000000000000000000000000000000000       
1040001300035T 020000004849240000000   140000000000018312115-3/008       2007201600000000000350000000000015-3/008                 091000006620427359JOSE REINALDO SILVA DE SOUSA                      000000000000000                           
1040001300036U 02000000000000000000000000000000000000000000000000000000000000000000000000000000000000000000000000000000000000000000000000301020150000000000000000000000000000000000000000000000000000000000000000000000000000000000000000       
1040001300037T 020000004849240000000   140000000000018436179-2/008       2007201600000000000850000000000079-2/008                 091000004560589313DIEGO DE SOUSA MARQUES                            000000000000000                           
1040001300038U 02000000000000000000000000000000000000000000000000000000000000000000000000000000000000000000000000000000000000000000000000301020150000000000000000000000000000000000000000000000000000000000000000000000000000000000000000       
1040001300039T 020000004849240000000   140000000000018444179-2/009       2008201600000000000850000000000079-2/009                 091000004560589313DIEGO DE SOUSA MARQUES                            000000000000000                           
1040001300040U 02000000000000000000000000000000000000000000000000000000000000000000000000000000000000000000000000000000000000000000000000301020150000000000000000000000000000000000000000000000000000000000000000000000000000000000000000       
1040001300041T 020000004849240000000   140000000000018320115-3/009       2008201600000000000350000000000015-3/009                 091000006620427359JOSE REINALDO SILVA DE SOUSA                      000000000000000                           
1040001300042U 02000000000000000000000000000000000000000000000000000000000000000000000000000000000000000000000000000000000000000000000000301020150000000000000000000000000000000000000000000000000000000000000000000000000000000000000000       
1040001300043T 020000004849240000000   140000000000018452179-2/010       2009201600000000000850000000000079-2/010                 091000004560589313DIEGO DE SOUSA MARQUES                            000000000000000                           
1040001300044U 02000000000000000000000000000000000000000000000000000000000000000000000000000000000000000000000000000000000000000000000000301020150000000000000000000000000000000000000000000000000000000000000000000000000000000000000000       
1040001300045T 020000004849240000000   140000000000018339115-3/010       2009201600000000000350000000000015-3/010                 091000006620427359JOSE REINALDO SILVA DE SOUSA                      000000000000000                           
1040001300046U 02000000000000000000000000000000000000000000000000000000000000000000000000000000000000000000000000000000000000000000000000301020150000000000000000000000000000000000000000000000000000000000000000000000000000000000000000       
1040001300047T 020000004849240000000   140000000000018347115-3/011       2010201600000000000350000000000015-3/011                 091000006620427359JOSE REINALDO SILVA DE SOUSA                      000000000000000                           
1040001300048U 02000000000000000000000000000000000000000000000000000000000000000000000000000000000000000000000000000000000000000000000000301020150000000000000000000000000000000000000000000000000000000000000000000000000000000000000000       
1040001300049T 020000004849240000000   140000000000018479179-2/012       2011201600000000000850000000000079-2/012                 091000004560589313DIEGO DE SOUSA MARQUES                            000000000000000                           
1040001300050U 02000000000000000000000000000000000000000000000000000000000000000000000000000000000000000000000000000000000000000000000000301020150000000000000000000000000000000000000000000000000000000000000000000000000000000000000000       
1040001300051T 020000004849240000000   140000000000018460179-2/011       2010201600000000000850000000000079-2/011                 091000004560589313DIEGO DE SOUSA MARQUES                            000000000000000                           
1040001300052U 02000000000000000000000000000000000000000000000000000000000000000000000000000000000000000000000000000000000000000000000000301020150000000000000000000000000000000000000000000000000000000000000000000000000000000000000000       
1040001300053T 020000004849240000000   140000000000018355115-3/012       2011201600000000000350000000000015-3/012                 091000006620427359JOSE REINALDO SILVA DE SOUSA                      000000000000000                           
1040001300054U 02000000000000000000000000000000000000000000000000000000000000000000000000000000000000000000000000000000000000000000000000301020150000000000000000000000000000000000000000000000000000000000000000000000000000000000000000       
1040001300055T 280000004849240000000                     0               00000000000000000000000000000000                         000000000000000000                                                  0000000000010800000000000
1040001300056U 280000000000000000000000000000000000000000000000000000000000000000000000000000000000000000000000000000000000000000000000003010201500000000000030102015000000000000000                              000                           
10400015         00005800000000000000000000000000000000000000000000000000000000000000000000000000000000000000000000                                                                                                                             
10499999         000001000060                                                                                                                                                                                                                   
