10400000         1000052749623510000000000000000000001089848492400000000CLAUDIO CARNEIRO LUZ          C ECON FEDERAL                          21902201501004600014904000000                    RETORNO-PRODUCAO                  000            
10400011T0100030 10000052749623510000000000000000000001089848492400000000CLAUDIO CARNEIRO LUZ                                                                                          00000149190220150000000000                          00   
1040001300001T 060000004849240000000   240000000000000969100000000000000020032015000000000003500237002950000000000000000          090000000000000000                                                  000000000000443040101                     
1040001300002U 06000000000000000000000000000000000000000000000000000000000000000000000003500000000000003500000000000000000000000000000000190220152002201500002002201500000000000000000000000000000000000000000000000000000000000000000000       
1040001300003T 060000004849240000000   240000000000009095100000000000000020022015000000000005500033007730000000000000000          090000000000000000                                                  000000000000443040101                     
1040001300004U 06000000000000000000000000000000000000000000000000000000000000000000000005500000000000005500000000000000000000000000000000190220152002201500002002201500000000000000000000000000000000000000000000000000000000000000000000       
1040001300005T 060000004849240000000   240000000000007882100000000000000020022015000000000008500000010890000000000000000          090000000000000000                                                  000000000000233020101                     
1040001300006U 06000000000000000000000000000000000000000000000000000000000000000000000008500000000000008500000000000000000000000000000000190220152002201500002002201500000000000000000000000000000000000000000000000000000000000000000000       
1040001300007T 060000004849240000000   240000000000001078100000000000000020022015000000000005990033007730000000000000000          090000000000000000                                                  000000000000443040101                     
1040001300008U 06000000000000000000000000000000000000000000000000000000000000000000000005990000000000005990000000000000000000000000000000190220152002201500002002201500000000000000000000000000000000000000000000000000000000000000000000       
1040001300009T 060000004849240000000   240000000000007645100000000000000020022015000000000007000000009260000000000000000          090000000000000000                                                  000000000000233020101                     
1040001300010U 06000000000000000000000000000000000000000000000000000000000000000000000007000000000000007000000000000000000000000000000000190220152002201500002002201500000000000000000000000000000000000000000000000000000000000000000000       
10400015         00001200000000000000000000000000000000000000000000000000000000000000000000000000000000000000000000                                                                                                                             
10499999         000001000014                                                                                                                                                                                                                   
